@book{ESRI,
	editor = {Kalinowska-Szymczak, Agnieszka},
	title = {Kalejdoskop GIS},
	publisher = {ESRI Polska},
	year = {2014},
	volume = {III},
}
@book{Saliszczew,
	author = {Saliszczew, K.A.},
	title = {Kartografia ogólna},
	year = {1998},
	publisher = {Wydawnictwo Naukowe PWN},
}
@online{eomission,
	title = {EO Portal - Satellite Missions},
	url = {https://eoportal.org/web/eoportal/satellite-missions},
}
@online{lastools,
	title = {LASTools - fast tools to catch reality},
	url = {https://rapidlasso.com/lastools/},
}
@online{pretty,
	title = {Pretty BreakPoints},
	url ={http://astrostatistics.psu.edu/datasets/R/html/base/html/pretty.html},
}
@online{fusion,
	title =  {FUSION and LDV},
	url = {http://forsys.cfr.washington.edu/fusion/fusionlatest.html},
}
@article{Jenks,
	author = {Jenks, George F.},
	title = {The Data Model Concept in Statistical Mapping},
	journaltitle = {International Yearbook of Cartography},
	volume = {7},
	year = {1967},
	pages = {186–190},
}
@book{kraak2011cartography
	,	title	= {Kartografia: wizualizacja danych przestrzennych}
	,	author	= {Kraak, Menno-Jan and Ormeling, Ferjan}
	,	year	= {1998}
	,	publisher	= {Wydawnictwa Naukowe PWN},
}

@Inbook{Meier2014,
	author={Meier, Sebastian
	and Heidmann, Frank
	and Thom, Andreas},
	editor={Bandrova, Temenoujka
	and Konecny, Milan
	and Zlatanova, Sisi},
	title={Heattile, a New Method for Heatmap Implementations for Mobile Web-Based Cartographic Applications},
	bookTitle={Thematic Cartography for the Society},
	year={2014},
	publisher={Springer International Publishing},
	address={Cham},
	pages={33--44},
	isbn={978-3-319-08180-9},
	doi={10.1007/978-3-319-08180-9_4},
	url={http://dx.doi.org/10.1007/978-3-319-08180-9_4},
}
@proceedings{Pettit2012,
author = {Pettit, C.},
title = {Visualisation support for exploring urban space and place},
year = {2012},
venue = {XXII Congress of the International Society for
Photogrammetry and Remote Sensing, Melbourne},
publisher = { International Society for Photogrammetry and Remote Sensing},
}
